<record>
  <leader>01372nam a2200373 i 4500</leader>
  <controlfield tag="001">9978913623003681</controlfield>
  <controlfield tag="005">20220926075952.0</controlfield>
  <controlfield tag="008">220926t19161910gw 000 1 ger d</controlfield>
  <datafield tag="035" ind1=" " ind2=" ">
    <subfield code="a">(OCoLC)1345671618</subfield>
  </datafield>
  <datafield tag="035" ind1=" " ind2=" ">
    <subfield code="a">(OCoLC)on1345671618</subfield>
  </datafield>
  <datafield tag="040" ind1=" " ind2=" ">
    <subfield code="a">PAU</subfield>
    <subfield code="b">eng</subfield>
    <subfield code="e">rda</subfield>
    <subfield code="e">dcrmb</subfield>
    <subfield code="c">PAU</subfield>
  </datafield>
  <datafield tag="050" ind1=" " ind2="4">
    <subfield code="a">PT2616</subfield>
    <subfield code="b">.N3 1916</subfield>
  </datafield>
  <datafield tag="100" ind1="1" ind2=" ">
    <subfield code="a">Hauptmann, Gerhart,</subfield>
    <subfield code="d">1862-1946,</subfield>
    <subfield code="e">author.</subfield>
  </datafield>
  <datafield tag="245" ind1="1" ind2="4">
    <subfield code="a">Der Narr in Christo, Emanuel Quint :</subfield>
    <subfield code="b">Roman /</subfield>
    <subfield code="c">von Gerhart Hauptmann.</subfield>
  </datafield>
  <datafield tag="250" ind1=" " ind2=" ">
    <subfield code="a">Volksausgabe.</subfield>
  </datafield>
  <datafield tag="260" ind1=" " ind2=" ">
    <subfield code="a">Londres:</subfield>
    <subfield code="b">Kerby</subfield>
    <subfield code="c">[approximately 1880]</subfield>
  </datafield>
  <datafield tag="264" ind1=" " ind2="4">
    <subfield code="c">1916.</subfield>
  </datafield>
  <datafield tag="300" ind1=" " ind2=" ">
    <subfield code="a">540, [2] pages ;</subfield>
    <subfield code="c">22 cm</subfield>
  </datafield>
  <datafield tag="336" ind1=" " ind2=" ">
    <subfield code="a">text</subfield>
    <subfield code="b">txt</subfield>
    <subfield code="2">rdacontent</subfield>
  </datafield>
  <datafield tag="337" ind1=" " ind2=" ">
    <subfield code="a">unmediated</subfield>
    <subfield code="b">n</subfield>
    <subfield code="2">rdamedia</subfield>
  </datafield>
  <datafield tag="338" ind1=" " ind2=" ">
    <subfield code="a">volume</subfield>
    <subfield code="b">nc</subfield>
    <subfield code="2">rdacarrier</subfield>
  </datafield>
  <datafield tag="590" ind1=" " ind2=" ">
    <subfield code="a">Kislak Center LIBRA Rare copy presented to the Penn Libraries by
      Stephen R. Lehmann and Carol M. Sabersky in 2013.</subfield>
  </datafield>
  <datafield tag="650" ind1=" " ind2="0">
    <subfield code="a">German fiction</subfield>
    <subfield code="y">20th century.</subfield>
  </datafield>
  <datafield tag="650" ind1=" " ind2="4">
    <subfield code="a">CHR 1916</subfield>
    <subfield code="5">PU</subfield>
  </datafield>
  <datafield tag="650" ind1=" " ind2="4">
    <subfield code="a">PRO Lehmann, Stephen R. (donor) (LIBRA Rare copy)</subfield>
    <subfield code="5">PU</subfield>
  </datafield>
  <datafield tag="650" ind1=" " ind2="4">
    <subfield code="a">PRO Sabersky, Carol M. (donor) (LIBRA Rare copy)</subfield>
    <subfield code="5">PU</subfield>
  </datafield>
  <datafield tag="650" ind1=" " ind2="7">
    <subfield code="a">German fiction.</subfield>
    <subfield code="2">fast</subfield>
    <subfield code="0">(OCoLC)fst00941384</subfield>
  </datafield>
  <datafield tag="648" ind1=" " ind2="7">
    <subfield code="a">1900-1999</subfield>
    <subfield code="2">fast</subfield>
  </datafield>
  <datafield tag="700" ind1="1" ind2=" ">
    <subfield code="a">Lehmann, Stephen R.,</subfield>
    <subfield code="e">donor.</subfield>
    <subfield code="5">PU</subfield>
  </datafield>
  <datafield tag="700" ind1="1" ind2=" ">
    <subfield code="a">Sabersky, Carol M.,</subfield>
    <subfield code="e">donor.</subfield>
    <subfield code="5">PU</subfield>
  </datafield>
  <datafield tag="710" ind1="2" ind2=" ">
    <subfield code="a">S. Fischer Verlag,</subfield>
    <subfield code="e">publisher.</subfield>
  </datafield>
  <datafield tag="752" ind1=" " ind2=" ">
    <subfield code="a">Germany</subfield>
    <subfield code="d">Berlin.</subfield>
  </datafield>
  <datafield tag="948" ind1=" " ind2=" ">
    <subfield code="h">HELD BY PAU - 0 OTHER HOLDINGS</subfield>
  </datafield>
  <datafield tag="994" ind1=" " ind2=" ">
    <subfield code="a">Z0</subfield>
    <subfield code="b">PAU</subfield>
  </datafield>
</record>